@inproceedings{SobelOperator,
  title={An Isotropic 3×3 image gradient operator},
  author={Irwin Sobel and G. M. Feldman},
  year={1990},
  url={https://api.semanticscholar.org/CorpusID:59909525}
}
@ARTICLE{AF-Net,
  author={Ho, Chi-Jui and Chan, Chin-Cheng and Chen, Homer H.},
  journal={IEEE Transactions on Image Processing}, 
  title={AF-Net: A Convolutional Neural Network Approach to Phase Detection Autofocus}, 
  year={2020},
  volume={29},
  number={},
  pages={6386-6395},
  keywords={Lenses;Correlation;Detectors;Feature extraction;Cameras;Estimation error;Phase detection autofocus;supervised learning;focus profile;phase shift},
  doi={10.1109/TIP.2019.2947349}
}
@article{PhaseCorrelation,
  title={Обработка и анализ изображений на основе использования информации о фазе},
  author={Павельева, Елена Александровна},
  journal={Компьютерная оптика},
  volume={42},
  number={6},
  pages={1022--1034},
  year={2018},
  publisher={Федеральное государственное автономное образовательное учреждение высшего~…}
}
@article{RaiDastidar,
author = {Tathagato Rai Dastidar and Renu Ethirajan},
journal = {Biomed. Opt. Express},
keywords = {Digital image processing; Imaging systems; Machine learning; Machine vision; Neural networks; White light emitting diodes},
number = {1},
pages = {480--491},
publisher = {Optica Publishing Group},
title = {Whole slide imaging system using deep learning-based automated focusing},
volume = {11},
month = {Jan},
year = {2020},
url = {https://opg.optica.org/boe/abstract.cfm?URI=boe-11-1-480},
doi = {10.1364/BOE.379780},
abstract = {The auto focusing system, which involves moving a microscope stage along a vertical axis to find an optimal focus position, is the chief component of an automated digital microscope. Current automated focusing algorithms, especially those deployed in cost effective microscopy systems, often cannot match the efficiency of a skilled human operator in keeping a sample in focus. This work presents an auto focusing system that utilises the recent advances in machine learning, namely deep convolutional neural networks (CNN). It improves upon prior work in this domain. The results of the focusing algorithm are demonstrated on an open data set. We describe the practical implementation of this method on a low cost digital microscope to create a whole slide imaging system (WSI). Results of a clinical study using this WSI system are presented. The study demonstrates the efficacy of this system in a practical scenario.},
}
@article{li2020rapid,
  title={Rapid whole slide imaging via learning-based two-shot virtual autofocusing},
  author={Li, Qiang and Liu, Xianming and Han, Kaige and Guo, Cheng and Ji, Xiangyang and Wu, Xiaolin},
  journal={arXiv preprint arXiv:2003.06630},
  year={2020}
}
@book{goodfellow2016deep,
  title={Deep learning},
  author={Goodfellow, Ian and Bengio, Yoshua and Courville, Aaron},
  year={2016},
  publisher={MIT press}
}
@article{mobilenet,
  title={Mobilenets: Efficient convolutional neural networks for mobile vision applications},
  author={Howard, Andrew G and Zhu, Menglong and Chen, Bo and Kalenichenko, Dmitry and Wang, Weijun and Weyand, Tobias and Andreetto, Marco and Adam, Hartwig},
  journal={arXiv preprint arXiv:1704.04861},
  year={2017}
}
@inproceedings{squeeze,
  title={Squeeze-and-excitation networks},
  author={Hu, Jie and Shen, Li and Sun, Gang},
  booktitle={Proceedings of the IEEE conference on computer vision and pattern recognition},
  pages={7132--7141},
  year={2018}
}
@article{sibarita2005deconvolution,
  title={Deconvolution microscopy},
  author={Sibarita, Jean-Baptiste},
  journal={Microscopy Techniques: -/-},
  pages={201--243},
  year={2005},
  publisher={Springer}
}
@article{jiang2018transform,
  title={Transform-and multi-domain deep learning for single-frame rapid autofocusing in whole slide imaging},
  author={Jiang, Shaowei and Liao, Jun and Bian, Zichao and Guo, Kaikai and Zhang, Yongbing and Zheng, Guoan},
  journal={Biomedical optics express},
  volume={9},
  number={4},
  pages={1601--1612},
  year={2018},
  publisher={Optica Publishing Group}
}
@book{носов1986основы,
  title={Основы физики приборов с зарядовой связью},
  author={Носов, Юрий Романович and Шилин, Виктор Абрамович},
  year={1986},
  publisher={Наука}
}